<?xml version="1.0" encoding="UTF-8"?><collection xmlns="http://www.loc.gov/MARC21/slim"><record><leader>00336nam--2200121-i-4500</leader><controlfield tag="001">000028438</controlfield><controlfield tag="002">20161230</controlfield><controlfield tag="005">20161230201037</controlfield><controlfield tag="008">060222s1000------------r-----000-0-eng-d</controlfield><datafield ind1=" " ind2=" " tag="100"><subfield code="a">Kiver, Milton S</subfield></datafield><datafield ind1=" " ind2=" " tag="245"><subfield code="a">Transistors in radio, television and electronics</subfield></datafield><datafield ind1=" " ind2=" " tag="260"><subfield code="a">New York, Mcgraw-hill Book Co, Inc., 1959. Vii+424p</subfield></datafield><datafield ind1=" " ind2=" " tag="852"><subfield code="a">14552</subfield></datafield></record></collection>